[gd_scene load_steps=9 format=2]

[ext_resource path="res://scripts/title_screen.gd" type="Script" id=1]
[ext_resource path="res://image/Kriegsspiel_871x160.png" type="Texture" id=2]
[ext_resource path="res://scenes/NewGameButton.tscn" type="PackedScene" id=3]
[ext_resource path="res://scenes/ContinueButton.tscn" type="PackedScene" id=4]
[ext_resource path="res://scenes/OptionsButton.tscn" type="PackedScene" id=5]
[ext_resource path="res://image/Soldat_598x391.png" type="Texture" id=6]
[ext_resource path="res://Build/Addons/Kriegsspiel/Fonts/Sportypo28.tres" type="DynamicFont" id=7]
[ext_resource path="res://scenes/FadeIn.tscn" type="PackedScene" id=8]

[node name="Node2D" type="Control"]
anchor_right = 1.0
anchor_bottom = 1.0

[node name="TitleScreen" type="Control" parent="."]
anchor_right = 1.0
anchor_bottom = 1.0
script = ExtResource( 1 )

[node name="Menu" type="VBoxContainer" parent="TitleScreen"]
margin_left = 120.0
margin_top = 80.0
margin_right = 1160.0
margin_bottom = 640.0

[node name="Logo" type="TextureRect" parent="TitleScreen/Menu"]
margin_right = 1040.0
margin_bottom = 160.0
texture = ExtResource( 2 )
stretch_mode = 4

[node name="CenterRow" type="HBoxContainer" parent="TitleScreen/Menu"]
margin_top = 164.0
margin_right = 1040.0
margin_bottom = 555.0
size_flags_vertical = 3

[node name="Buttons" type="VBoxContainer" parent="TitleScreen/Menu/CenterRow"]
margin_right = 438.0
margin_bottom = 391.0
size_flags_horizontal = 3
size_flags_vertical = 3
custom_constants/separation = 20
alignment = 1

[node name="NewGameButton" parent="TitleScreen/Menu/CenterRow/Buttons" instance=ExtResource( 3 )]
margin_top = 85.0
margin_right = 438.0
margin_bottom = 145.0

[node name="ContinueButton" parent="TitleScreen/Menu/CenterRow/Buttons" instance=ExtResource( 4 )]
margin_top = 165.0
margin_right = 438.0
margin_bottom = 225.0

[node name="OptionsButton" parent="TitleScreen/Menu/CenterRow/Buttons" instance=ExtResource( 5 )]
margin_top = 245.0
margin_right = 438.0
margin_bottom = 305.0
rect_min_size = Vector2( 360, 60 )

[node name="CenterContainer" type="CenterContainer" parent="TitleScreen/Menu/CenterRow"]
margin_left = 442.0
margin_right = 1040.0
margin_bottom = 391.0
size_flags_horizontal = 3
size_flags_vertical = 3

[node name="characters" type="TextureRect" parent="TitleScreen/Menu/CenterRow/CenterContainer"]
margin_right = 598.0
margin_bottom = 391.0
texture = ExtResource( 6 )

[node name="VersionLabel" type="Label" parent="TitleScreen/Menu"]
margin_top = 559.0
margin_right = 1040.0
margin_bottom = 588.0
size_flags_vertical = 3
custom_fonts/font = ExtResource( 7 )
text = "Alpha version - TER"

[node name="FadeIn" parent="TitleScreen" instance=ExtResource( 8 )]
visible = false
[connection signal="fade_finished" from="TitleScreen/FadeIn" to="TitleScreen" method="_on_FadeIn_fade_finished"]
